
@MastersThesis{overvelde2012moving,
  title={The Moving Node Approach in Topology Optimization},
  author={Overvelde, Johannes TB},
  year={2012},
  school={TU Delft, Delft University of Technology}
}

@article{nasa,
  title={Piezoelectric Actuator Modeling Using
	MSC/NASTRAN and MATLAB},
  author={Guo, Xu and Zhang, Weisheng and Zhong, Wenliang},
  journal={arXiv preprint arXiv:1404.4820},
  year={2014}
}

@article{nguyen2008meshless,
  title={Meshless methods: a review and computer implementation aspects},
  author={Nguyen, Vinh Phu and Rabczuk, Timon and Bordas, St{\'e}phane and Duflot, Marc},
  journal={Mathematics and computers in simulation},
  volume={79},
  number={3},
  pages={763--813},
  year={2008},
  publisher={Elsevier}
}

@book{chen2006meshless,
  title={Meshless methods in solid mechanics},
  author={Chen, Youping and Lee, James and Eskandarian, Azim},
  year={2006},
  publisher={Springer Science \& Business Media}
}

@inproceedings{brackett2011topology,
  title={Topology optimization for additive manufacturing},
  author={Brackett, D and Ashcroft, I and Hague, R},
  booktitle={Proceedings of the Solid Freeform Fabrication Symposium, Austin, TX},
  pages={348--362},
  year={2011}
}

@inproceedings{doubrovski2011optimal,
  title={Optimal design for additive manufacturing: opportunities and challenges},
  author={Doubrovski, Zjenja and Verlinden, Jouke C and Geraedts, Jo MP},
  booktitle={ASME 2011 International Design Engineering Technical Conferences and Computers and Information in Engineering Conference},
  pages={635--646},
  year={2011},
  organization={American Society of Mechanical Engineers}
}

@inproceedings{tomlin2011topology,
  title={Topology optimization of an additive layer manufactured (ALM) aerospace part},
  author={Tomlin, Matthew and Meyer, Jonathan},
  booktitle={Proceeding of the 7th Altair CAE technology conference},
  pages={1--9},
  year={2011}
}

@article{sun2014improved,
  title={An improved interpolating element-free Galerkin method based on nonsingular weight functions},
  author={Sun, FX and Liu, C and Cheng, YM},
  journal={Mathematical Problems in Engineering},
  volume={2014},
  year={2014},
  publisher={Hindawi Publishing Corporation}
}

@article{sigmund200199,
  title={A 99 line topology optimization code written in Matlab},
  author={Sigmund, Ole},
  journal={Structural and multidisciplinary optimization},
  volume={21},
  number={2},
  pages={120--127},
  year={2001},
  publisher={Springer}
}


@article{andreassen2011efficient,
  title={Efficient topology optimization in MATLAB using 88 lines of code},
  author={Andreassen, Erik and Clausen, Anders and Schevenels, Mattias and Lazarov, Boyan S and Sigmund, Ole},
  journal={Structural and Multidisciplinary Optimization},
  volume={43},
  number={1},
  pages={1--16},
  year={2011},
  publisher={Springer}
}


@article{zhao2014topology,
  title={Topology optimization with meshless density variable approximations and BESO method},
  author={Zhao, Fei},
  journal={Computer-Aided Design},
  volume={56},
  pages={1--10},
  year={2014},
  publisher={Elsevier}
}

@article{luo2013topology,
  title={Topology optimization of structures using meshless density variable approximants},
  author={Luo, Zhen and Zhang, Nong and Wang, Yu and Gao, Wei},
  journal={International Journal for Numerical Methods in Engineering},
  volume={93},
  number={4},
  pages={443--464},
  year={2013},
  publisher={Wiley Online Library}
}

@article{zheng2012topology,
  title={Topology optimization of free vibrating continuum structures based on the element free Galerkin method},
  author={Zheng, Juan and Long, Shuyao and Li, Guangyao},
  journal={Structural and Multidisciplinary Optimization},
  volume={45},
  number={1},
  pages={119--127},
  year={2012},
  publisher={Springer}
}

@article{xie1993simple,
  title={A simple evolutionary procedure for structural optimization},
  author={Xie, YM and Steven, Grant P},
  journal={Computers \& structures},
  volume={49},
  number={5},
  pages={885--896},
  year={1993},
  publisher={Elsevier}
}

@article{bendsoe1988generating,
  title={Generating optimal topologies in structural design using a homogenization method},
  author={Bends{\o}e, Martin Philip and Kikuchi, Noboru},
  journal={Computer methods in applied mechanics and engineering},
  volume={71},
  number={2},
  pages={197--224},
  year={1988},
  publisher={Elsevier}
}

@article{xia2015design,
  title={Design of materials using topology optimization and energy-based homogenization approach in Matlab},
  author={Xia, Liang and Breitkopf, Piotr},
  journal={Structural and Multidisciplinary Optimization},
  volume={52},
  number={6},
  pages={1229--1241},
  year={2015},
  publisher={Springer}
}

@article{liu2014efficient,
  title={An efficient 3D topology optimization code written in Matlab},
  author={Liu, Kai and Tovar, Andr{\'e}s},
  journal={Structural and Multidisciplinary Optimization},
  volume={50},
  number={6},
  pages={1175--1196},
  year={2014},
  publisher={Springer}
}

@article{sethian2000structural,
  title={Structural boundary design via level set and immersed interface methods},
  author={Sethian, James A and Wiegmann, Andreas},
  journal={Journal of computational physics},
  volume={163},
  number={2},
  pages={489--528},
  year={2000},
  publisher={Elsevier}
}

@book{craveur2014optimisation,
  title={Optimisation des structures m{\'e}caniques: methodes num{\'e}riques et {\'e}l{\'e}ments finis},
  author={Craveur, Jean-Charles and Bruyneel, Michael and Gourmelen, Pierre},
  year={2014},
  publisher={Dunod}
}

@article{haber1996new,
  title={A new approach to variable-topology shape design using a constraint on perimeter},
  author={Haber, RB and Jog, CS and Bends{\o}e, Martin P},
  journal={Structural Optimization},
  volume={11},
  number={1-2},
  pages={1--12},
  year={1996},
  publisher={Springer}
}

@phdThesis{sigmund1994design,
  title={Design of Materials Structures Using Topology Optimization},
  author={Sigmund, Ole},
  year={1994},
  school={Department of Solid Mechanics, Technical University of Denmark}
}

@article{belytschko1994element,
  title={Element-free Galerkin methods},
  author={Belytschko, Ted and Lu, Yun Yun and Gu, Lei},
  journal={International journal for numerical methods in engineering},
  volume={37},
  number={2},
  pages={229--256},
  year={1994},
  publisher={Wiley Online Library}
}

@book{nocedal2006numerical,
  title={Numerical optimization},
  author={Nocedal, Jorge and Wright, Stephen},
  year={2006},
  publisher={Springer Science \& Business Media}
}

@inproceedings{morlier2014topology,
  title={Topology optimization for robust damage localization using aggregated FRFs statistical criteria},
  author={Morlier, Joseph and Niemann, Hanno and Shahdin, Amir},
  booktitle={Applied Mechanics and Materials},
  volume={629},
  pages={513--518},
  year={2014},
  organization={Trans Tech Publ}
}

@article{niemann2010damage,
  title={Damage localization using experimental modal parameters and topology optimization},
  author={Niemann, Hanno and Morlier, Joseph and Shahdin, Amir and Gourinat, Yves},
  journal={Mechanical systems and signal processing},
  volume={24},
  number={3},
  pages={636--652},
  year={2010},
  publisher={Elsevier}
}
